<?xml version="1.0" encoding="UTF-8"?><collection xmlns="http://www.loc.gov/MARC21/slim"><record><leader>00430nam--2200157-i-4500</leader><controlfield tag="001">000014851</controlfield><controlfield tag="002">20161230</controlfield><controlfield tag="005">20161230201031</controlfield><controlfield tag="008">060222s1000------------r-----000-0-eng-d</controlfield><datafield ind1=" " ind2=" " tag="040"><subfield code="a">IFIN-HH</subfield></datafield><datafield ind1=" " ind2=" " tag="080"><subfield code="a">517.958</subfield></datafield><datafield ind1="1" ind2=" " tag="100"><subfield code="a">Bouix, M</subfield></datafield><datafield ind1="1" ind2="0" tag="245"><subfield code="a">Les fonctions generalisees ou distributions. preface du pr.a.lichnerowicz</subfield></datafield><datafield ind1=" " ind2=" " tag="260"><subfield code="a">Paris, Masson Et C-ie, 1964. 223 P</subfield></datafield><datafield ind1=" " ind2=" " tag="852"><subfield code="a">75744</subfield><subfield code="c">517.9</subfield></datafield><datafield ind1=" " ind2=" " tag="CAT"><subfield code="a">Sys</subfield><subfield code="c">20090515</subfield><subfield code="h">120029</subfield></datafield></record></collection>